@article{li2021measuring,
  title={Measuring corporate culture using machine learning},
  author={Li, Kai and Mai, Feng and Shen, Rui and Yan, Xinyan},
  journal={The Review of Financial Studies},
  volume={34},
  number={7},
  pages={3265--3315},
  year={2021},
  publisher={Oxford University Press}
}